@inproceedings{Uriu2012,
 author = "Uriu, Daisuke and Namai, Mizuki and Tokuhisa, Satoru and Kashiwagi, Ryo and Inami, Masahiko and Okude, Naohito",
 title = "Panavi: Recipe Medium with a Sensors-embedded Pan for Domestic Users to Master Professional Culinary Arts",
 booktitle = "Proceedings of the SIGCHI Conference on Human Factors in Computing Systems",
 series = {CHI '12},
 year = {2012},
 isbn = {978-1-4503-1015-4},
 location = {Austin, Texas, USA},
 pages = {129--138},
 numpages = {10},
 url = "http://doi.acm.org/10.1145/2207676.2207695",
 doi = {10.1145/2207676.2207695},
 publisher = {ACM},
 address = {New York, NY, USA},
 keywords = {cooking, interaction design, kitchen, research through design, situated actions, ubiquitous computing},
}
